@PhdThesis{Allis,
author = {Louis Victor Allis},
title = {Searching for Solutions in Games and Artificial Intelligence},
year = {1994}
}


@Book{Brian,
author = {Brian Rose},
title = {Othello: A minute to learn... A lifetime to master.},
year = {2005}
}

@Book{Fang,
author = {Randy Fang},
title = {Othello: From Beginner to Master},
year = {2003}
}

@Article{Herik,
author = {H. Jaap van den Herik, Jos W.H.M. Uiterwijk,  Jack van Rijswijck},
title = {Games Solved: Now and in the future},
year = {2002}
}

@InCollection{Shannon,
author = {Claude Shannon},
title = {Programming a Computer for Playing Chess},
booktitle = {Philosophical Magazine},
OPTyear = {1949}
}

@TechReport{Buro,
author = {Michael Buro},
title = {Experiments with Multi-ProbeCut and a New High-Quality Evaluation Function for Othello},
institution = {NEC Research Institute}
}

@Book{Peter,
author = {Peter M. Nyasulu},
title = {Introduction to Verilog},
year = {2001}
}

@Book{Kartik,
author = {Kartik Subramanian Iyer},
title = {High Performance FPGA Designs},
year = {2006}
}

@Book{xst,
author = {Xilinx},
title = {XST User Guide},
year = 2008
}


@Book{Kai,
author = {Kai Hwang},
title = {Computer Arithmetic}
}

@Book{Jean,
author = {Jean-Piere Deschamps},
title = {Synthesis of Arithmetic Circuits},
year = {2006}
}

@Book{Vojin,
author = {Prof. Vojin G. Oklobdzija},
title = {High-Speed VLSI Arithmetic Units: Adders and Multipliers},
year = {1999}
}

@Book{Mot,
author = {Motorola},
title = {Verilog HDL Coding},
year = {1999}
}

@Book{Behrooz,
author = {Behrooz Parhami},
title = {Introduction to Parallel Processing},
year = {2002}
}

@Book{Enoch,
author = {Enoch Hwang},
title = {Principles of Digital Logic Design},
year = {2003}
}

@Book{Shoham,
author = {Yoav Shoham, Kevin Leyton-Brown},
title = {MULTIAGENT SYSTEMS: Algorithmic, Game-Theoretic, and Logical Foundations},
}

@TechReport{Buro2,
author = {Michael Buro},
title = {The Evolution of Strong Othello Programs},
institution = {NEC Research Institute}
}

@TechReport{Buro3,
author = {Michael Buro},
title = {An Effective Selective Extension of the $\alpha - \beta$ Algorithm},
}

@book{Cormen,
  author = {Thomas H. Cormen and Charles E. Leiserson and Ronald L. Rivest},
  publisher = {MIT Press and McGraw-Hill},
  title = {Introduction to Algorithms},
  year = {2001}
}

@book{Giumale,
  author = {Cristian A. Giumale},
  publisher = {POLIROM},
  title = {Introducere Ã®n Analiza Algoritmilor},
  year = {2004}
}
}

